@BOOK{Pratt1991,
  title = {Digital image processing},
  publisher = {Wiley},
  year = {1991},
  author = {William K. Pratt},
  owner = {urs},
  timestamp = {2011.06.20}
}

@article{McDonnell198165,
title = "Box-filtering techniques",
journal = "Computer Graphics and Image Processing",
volume = "17",
number = "1",
pages = "65 - 70",
year = "1981",
note = "",
issn = "0146-664X",
doi = "DOI: 10.1016/S0146-664X(81)80009-3",
url = "http://www.sciencedirect.com/science/article/pii/S0146664X81800093",
author = "M.J. McDonnell"
}

@ARTICLE{Kundu84, 
author={Kundu, A. and Mitra, S. and Vaidyanathan, P.}, 
journal={Acoustics, Speech and Signal Processing, IEEE Transactions on}, title={Application of two-dimensional generalized mean filtering for removal of impulse noises from images}, 
year={1984}, 
month={jun}, 
volume={32}, 
number={3}, 
pages={ 600 - 609}, 
keywords={}, 
doi={10.1109/TASSP.1984.1164364}, 
url = "http://ieeexplore.ieee.org/xpls/abs_all.jsp?arnumber=1164364&tag=1",
ISSN={0096-3518},}

@article{Lee1983255,
title = "Digital image smoothing and the sigma filter",
journal = "Computer Vision, Graphics, and Image Processing",
volume = "24",
number = "2",
pages = "255 - 269",
year = "1983",
note = "",
issn = "0734-189X",
doi = "DOI: 10.1016/0734-189X(83)90047-6",
url = "http://www.sciencedirect.com/science/article/pii/0734189X83900476",
author = "Jong-Sen Lee"
}

@article{aharon06,
 author = {M. Aharon, M. Elad, A.M. Bruckstein},
 title = {The K-SVD: An Algorithm for Designing of Overcomplete Dictionaries for Sparse Representation},
 publisher = {IEEE Trans. On Signal Processing},
 volume = {54},
 number = {11},
 year = {2006},
 pages = {4311--4322},
}

@unpublished{christen10,
 author = {Simon Christen},
 title = {Dictionary Learning for Super-Resolution},
 note = {},
 url = "http://people.ee.ethz.ch/~simonch/lect/SA_DL/report_SA_Dl_for_SR_print.pdf",
 year = {2010},
}

@unpublished{buhman11,
 author = {Buhman, J. M. and Lomakina, E.},
 title = {Computational Intelligence Lab - Series 11, May 11th, 2011 (Sparse Coding)},
 note = {},
 url = "http://cil.inf.ethz.ch/material/exercise/series11.pdf",
 year = {2011},
}

@misc{elad11,
 author = {Michael Elad},
 title = {K-SVD Matlab Toolbox},
 url = "http://www.cs.technion.ac.il/~elad/software/",
}

@misc{john06,
 author = {John D'Errico},
 title = {inpaint\_nans},
 url = "http://www.mathworks.com/matlabcentral/fileexchange/loadFile.do?objectId=4551&objectType=file",
 year = {2006}
}

@misc{rubinstein09soft,
 author = {Rubinstein, R.},
 title = {KSVD-Box v13},
 url = "http://www.cs.technion.ac.il/~ronrubin/software.html",
}

@ARTICLE{rubinstein09, 
author={Rubinstein, R. and Zibulevsky, M. and Elad, M.}, 
title={Learning Sparse Dictionaries for Sparse Signal Approximation}, 
year={2009}, 
keywords={3D image denoising;computed tomography;double sparsity;learning sparse dictionaries;signal representation;sparse coding;sparse signal approximation;image coding;image denoising;sparse matrices;}, 
url = "http://www.cs.technion.ac.il/~ronrubin/Publications/sparsedict-rep.pdf"}
